@inproceedings{cauwet2018surprising,
  title={Surprising strategies obtained by stochastic optimization in partially observable games},
  author={Cauwet, Marie-Liesse and Teytaud, Olivier},
  booktitle={2018 IEEE Congress on Evolutionary Computation (CEC)},
  pages={1--8},
  year={2018},
  organization={IEEE}
}
@inproceedings{heidrich2011non,
  title={Non-linearly increasing resampling in racing algorithms},
  author={Heidrich-Meisner, Verena and Igel, Christian},
  booktitle={European Symposium on Artificial Neural Networks},
  pages={465--470},
  year={2011},
  organization={Evere, Belgium: d-side publications}
}
@article{platkowski2012wstkep,
  title={Wst{\k{e}}p do teorii gier},
  author={P{\l}atkowski, Tadeusz},
  journal={Uniwersytet Warszawski},
  year={2012}
}
@book{prisner2014game,
  title={Game theory through examples},
  author={Prisner, Erich},
  volume={46},
  year={2014},
  publisher={American Mathematical Soc.}
}
